<record><leader>00000cas a2200000 a 4500</leader><controlfield tag="001">37645987</controlfield><controlfield tag="008">970918d18781965vtuwr ne      0    0eng c</controlfield><datafield ind1=" " ind2=" " tag="010"><subfield code="a">sn 97067588 </subfield></datafield><datafield ind1=" " ind2=" " tag="040"><subfield code="a">NVN</subfield><subfield code="b">eng</subfield><subfield code="c">NVN</subfield><subfield code="d">OCLCQ</subfield><subfield code="d">OCLCF</subfield><subfield code="d">OCLCO</subfield></datafield><datafield ind1="1" ind2=" " tag="029"><subfield code="a">AU@</subfield><subfield code="b">000013497286</subfield></datafield><datafield ind1=" " ind2=" " tag="042"><subfield code="a">pcc</subfield></datafield><datafield ind1=" " ind2=" " tag="043"><subfield code="a">n-us-vt</subfield></datafield><datafield ind1="0" ind2=" " tag="130"><subfield code="a">Springfield reporter (Springfield, Vt. : 1878)</subfield></datafield><datafield ind1="1" ind2="0" tag="245"><subfield code="a">Springfield reporter.</subfield></datafield><datafield ind1=" " ind2=" " tag="260"><subfield code="a">Springfield, Vt. :</subfield><subfield code="b">F.W. Stiles,</subfield><subfield code="c">1878-1965.</subfield></datafield><datafield ind1=" " ind2=" " tag="300"><subfield code="a">v.</subfield></datafield><datafield ind1=" " ind2=" " tag="310"><subfield code="a">Weekly</subfield></datafield><datafield ind1="0" ind2=" " tag="362"><subfield code="a">Vol. 1, no. 1 (Jan. 4, 1878)-v. 90, no. 40 (Oct. 6, 1965).</subfield></datafield><datafield ind1=" " ind2=" " tag="580"><subfield code="a">Merged with: Vermont journal (Windsor, Vt. : 1844), and: Vermont tribune (Ludlow, Vt.), and: Bellows Falls times to form: Connecticut Valley times-reporter.</subfield></datafield><datafield ind1=" " ind2="0" tag="651"><subfield code="a">Springfield (Vt.)</subfield><subfield code="v">Newspapers.</subfield></datafield><datafield ind1=" " ind2="0" tag="651"><subfield code="a">Windsor County (Vt.)</subfield><subfield code="v">Newspapers.</subfield></datafield><datafield ind1=" " ind2="0" tag="651"><subfield code="a">Vermont</subfield><subfield code="v">Newspapers.</subfield></datafield><datafield ind1=" " ind2="7" tag="655"><subfield code="a">Newspapers.</subfield><subfield code="2">fast</subfield><subfield code="0">(OCoLC)fst01423814</subfield></datafield><datafield ind1=" " ind2="7" tag="651"><subfield code="a">Vermont.</subfield><subfield code="2">fast</subfield><subfield code="0">(OCoLC)fst01204305</subfield></datafield><datafield ind1=" " ind2="7" tag="651"><subfield code="a">Vermont</subfield><subfield code="z">Springfield.</subfield><subfield code="2">fast</subfield><subfield code="0">(OCoLC)fst01224803</subfield></datafield><datafield ind1=" " ind2="7" tag="651"><subfield code="a">Vermont</subfield><subfield code="z">Windsor County.</subfield><subfield code="2">fast</subfield><subfield code="0">(OCoLC)fst01215300</subfield></datafield><datafield ind1=" " ind2=" " tag="752"><subfield code="a">United States</subfield><subfield code="b">Vermont</subfield><subfield code="c">Windsor</subfield><subfield code="d">Springfield.</subfield></datafield><datafield ind1="1" ind2="7" tag="785"><subfield code="t">Vermont journal (Windsor, Vt. : 1844)</subfield><subfield code="w">(DLC)sn 84022091</subfield><subfield code="w">(*OCoLC)10288261</subfield></datafield><datafield ind1="1" ind2="7" tag="785"><subfield code="t">Vermont tribune (Ludlow, Vt.)</subfield><subfield code="w">(DLC)sn 87070397</subfield><subfield code="w">(OCoLC)16881927</subfield></datafield><datafield ind1="1" ind2="7" tag="785"><subfield code="t">Bellows Falls times (Bellows Falls, Vt.)</subfield><subfield code="w">(DLC)sn 84022549</subfield><subfield code="w">(OCoLC)10467562</subfield></datafield><datafield ind1="1" ind2="7" tag="785"><subfield code="t">Connecticut Valley times reporter</subfield><subfield code="w">(DLC)sn 97067523</subfield><subfield code="w">(OCoLC)37328663</subfield></datafield></record>